@book{C,
  author =	 {B.W. Kernighan and D.M. Ritchie},
  title = 	 {The {C} programming language},
  publisher = 	 {Prentice-Hall},
  address =      {Englewood Cliffs, NJ}
  year = 	 1978
}
