@article{pete-99-dobbs,
    author = "Scott Haney, James Crotinger, Steve Karmesin, and Stephen Smith",
    title = "PETE, the Portable Expression Template Engine",
    journal = "Dr. Dobbs Journal",
    year = "1999",
    month = oct,
}

@Misc{PETE-web,
  title =        {{PETE}, the Portable Expression Template Engine},
  howpublished = {http://www.acl.lanl.gov/pete
Date of access: Oct 24th, 2002.}
}

@Misc{POOMA-web,
  title =        {{POOMA}: Parallel Object-Oriented Methods and Applications
},
  howpublished = {http://www.acl.lanl.gov/pooma
Date of access: Oct 24th, 2002.}
}

@Misc{GMCL-web,
  title =        {Generative Matrix Computation Library },
  howpublished = {http://www-ia.tu-ilmenau.de/~czarn/gmcl/
Date of access: Oct 24th, 2002.}
}
